@article{Abadi2012,
  title={Consistency tradeoffs in modern distributed database system design: CAP is only part of the story},
  author={Abadi, Daniel J},
  journal={Computer},
  number={2},
  pages={37--42},
  year={2012},
  publisher={IEEE}
}
@article{Adve1995,
author = {Adve, Sarita V and Gharachorloo, Kourosh},
file = {:home/mdediana/Documents/ref/Adve, Gharachorloo - 1995 - Shared Memory Consistency Models A Tutorial(2).pdf:pdf},
journal = {Computer Engineering},
title = {{Shared Memory Consistency Models: A Tutorial}},
year = {1995}
}
@article{Atikoglu2012,
 author = {Atikoglu, Berk and Xu, Yuehai and Frachtenberg, Eitan and Jiang, Song
and Paleczny, Mike},
 title = {Workload analysis of a large-scale key-value store},
 journal = {SIGMETRICS Perform. Eval. Rev.},
 issue_date = {June 2012},
 volume = {40},
 number = {1},
 month = jun,
 year = {2012},
 issn = {0163-5999},
 pages = {53--64},
 numpages = {12},
 url = {http://doi.acm.org/10.1145/2318857.2254766},
 doi = {10.1145/2318857.2254766},
 acmid = {2254766},
 publisher = {ACM},
 keywords = {key-value store, memcached, workload analysis, workload modeling},
} 
@inproceedings{Baker2011,
 title = {Megastore: Providing Scalable, Highly Available Storage for Interactive Services},
 author  = {Jason Baker and Chris Bond and James C. Corbett and JJ Furman and Andrey Khorlin and James Larson and Jean-Michel Leon and Yawei Li and Alexander Lloyd and Vadim Yushprakh},
 year  = 2011,
 URL = {http://www.cidrdb.org/cidr2011/Papers/CIDR11\_Paper32.pdf},
 booktitle = {Proc. Conference on Innovative Data system Research (CIDR)},
 pages = {223--234}
}
@misc{BashoBench2013,
 author = {BashoBench},
 title = {{Basho Bench}},
 note = "[\'Ultimo Acesso em 01/02/2013.]",
 howpublished = {\url{http://docs.basho.com/riak/latest/cookbooks/Benchmarking/}},
 year = {2013},
}
@inproceedings{Beyer2011,
 title = {{Testing the Suitability of Cassandra for Cloud Computing Environments Consistency, Availability and Partition Tolerance}},
 author = {Beyer, Felix and Koschel, Arne and Schulz, Christian and Sch\"{a}fer, Michael and Astrova, Irina and Reich, Alexander and Grivas, Stella Gatziu and Schaaf, Marc},
 year  = {2011},
 booktitle = {Proc. 2nd International Conference on Cloud
Computing, GRIDs, and Virtualization},
 pages = {86-91}
}
@article{Brewer2000,
author = {Brewer, Eric A.},
journal = {Annual ACM Symposium on Principles of Distributed Computing},
title = {{Towards Robust Distributed Systems}},
url = {http://portal.acm.org/citation.cfm?id=343502},
year = {2000}
}
@inproceedings{Calder2011,
 author = {Calder, Brad and Wang, Ju and Ogus, Aaron and Nilakantan, Niranjan
and Skjolsvold, Arild and McKelvie, Sam and Xu, Yikang and Srivastav, Shashwat
and Wu, Jiesheng and Simitci, Huseyin and Haridas, Jaidev and Uddaraju,
Chakravarthy and Khatri, Hemal and Edwards, Andrew and Bedekar, Vaman and
Mainali, Shane and Abbasi, Rafay and Agarwal, Arpit and Haq, Mian Fahim ul and
Haq, Muhammad Ikram ul and Bhardwaj, Deepali and Dayanand, Sowmya and
Adusumilli, Anitha and McNett, Marvin and Sankaran, Sriram and Manivannan,
Kavitha and Rigas, Leonidas},
 title = {Windows Azure Storage: a highly available cloud storage service with
strong consistency},
 booktitle = {Proc. 23rd ACM Symposium on Operating Systems
Principles},
 series = {SOSP '11},
 year = {2011},
 isbn = {978-1-4503-0977-6},
 location = {Cascais, Portugal},
 pages = {143--157},
 numpages = {15},
 url = {http://doi.acm.org/10.1145/2043556.2043571},
 doi = {10.1145/2043556.2043571},
 acmid = {2043571},
 keywords = {Windows Azure, cloud storage, distributed storage systems},
} 
@article{Cooper2008,
 author = {Cooper, Brian F. and Ramakrishnan, Raghu and Srivastava, Utkarsh and
Silberstein, Adam and Bohannon, Philip and Jacobsen, Hans-Arno and Puz, Nick and
Weaver, Daniel and Yerneni, Ramana},
 title = {PNUTS: Yahoo!'s hosted data serving platform},
 journal = {Proc. VLDB Endowment (PVLDB)},
 issue_date = {August 2008},
 volume = {1},
 number = {2},
 month = aug,
 year = {2008},
 issn = {2150-8097},
 pages = {1277--1288},
 numpages = {12},
 url = {http://dl.acm.org/citation.cfm?id=1454159.1454167},
 acmid = {1454167},
 publisher = {VLDB Endowment},
} 
@inproceedings{Cooper2010,
 author = {Cooper, Brian F. and Silberstein, Adam and Tam, Erwin and
Ramakrishnan, Raghu and Sears, Russell},
 title = {Benchmarking cloud serving systems with YCSB},
 booktitle = {Proc. 1st ACM symposium on Cloud computing},
 series = {SoCC '10},
 year = {2010},
 isbn = {978-1-4503-0036-0},
 location = {Indianapolis, Indiana, USA},
 pages = {143--154},
 numpages = {12},
 url = {http://doi.acm.org/10.1145/1807128.1807152},
 doi = {10.1145/1807128.1807152},
 acmid = {1807152},
 keywords = {benchmarking, cloud serving database},
} 
@article{DeCandia2007,
 author = {DeCandia, Giuseppe and Hastorun, Deniz and Jampani, Madan and
Kakulapati, Gunavardhan and Lakshman, Avinash and Pilchin, Alex and
Sivasubramanian, Swaminathan and Vosshall, Peter and Vogels, Werner},
 title = {Dynamo: Amazon's highly available key-value store},
 journal = {SIGOPS Oper. Syst. Rev.},
 issue_date = {December 2007},
 volume = {41},
 number = {6},
 month = oct,
 year = {2007},
 issn = {0163-5980},
 pages = {205--220},
 numpages = {16},
 url = {http://doi.acm.org/10.1145/1323293.1294281},
 doi = {10.1145/1323293.1294281},
 acmid = {1294281},
 publisher = {ACM},
 keywords = {performance, reliability, scalability},
} 
@misc{ESnet2012,
 author = {ESnet},
 title = {{Host Tuning}},
 note = "[\'Ultimo Acesso em 01/02/2013.]",
 howpublished = {\url{http://fasterdata.es.net/host-tuning/background/}},
 year = {2012},
}
@article{Gilbert2002,
author = {Gilbert, Seth and Lynch, Nancy},
doi = {10.1145/564585.564601},
file = {:home/mdediana/Documents/ref/Gilbert, Lynch - 2002 - Brewer's Conjecture and the Feasibility of Consistent, Available, Partition-tolerant Web Services.pdf:pdf},
issn = {01635700},
journal = {ACM SIGACT News},
number = {2},
pages = {51},
title = {{Brewer's Conjecture and the Feasibility of Consistent, Available, Partition-tolerant Web Services}},
url = {http://portal.acm.org/citation.cfm?doid=564585.564601},
volume = {33},
year = {2002}
}
@inproceedings{Glendenning2011,
 author = {Glendenning, Lisa and Beschastnikh, Ivan and Krishnamurthy, Arvind
and Anderson, Thomas},
 title = {Scalable consistency in Scatter},
 booktitle = {Proc. 23rd ACM Symposium on Operating Systems Principles},
 series = {SOSP '11},
 year = {2011},
 isbn = {978-1-4503-0977-6},
 location = {Cascais, Portugal},
 pages = {15--28},
 numpages = {14},
 url = {http://doi.acm.org/10.1145/2043556.2043559},
 doi = {10.1145/2043556.2043559},
 acmid = {2043559},
 keywords = {Paxos, consistency, distributed systems, distributed transactions,
fault tolerance, scalability, storage},
} 
@misc{Grid50002013,
 author = {Grid5000},
 title = {{Grid'5000}},
 note = "[\'Ultimo Acesso em 01/02/2013.]",
 howpublished = {\url{http://www.grid5000.fr/}},
 year = {2013},
}
@book{Jain1991,
 title={The Art Of Computer Systems Performance Analysis},
 author={Jain, Raj},
 isbn={9788126519057},
 url={http://books.google.com.br/books?id=eOR0kJjgMqkC},
 year={1991},
 publisher={Wiley}
}
@article{Kadambi2011,
 author    = {Sudarshan Kadambi and
              Jianjun Chen and
              Brian F. Cooper and
              David Lomax and
              Raghu Ramakrishnan and
              Adam Silberstein and
              Erwin Tam and
              Hector Garcia-Molina},
 title     = {Where in the World is My Data?},
 journal   = {Proc. VLDB Endowment (PVLDB)},
 volume    = {4},
 number    = {11},
 year      = {2011},
 pages     = {1040-1050},
 ee        = {http://www.vldb.org/pvldb/vol4/p1040-kadambi.pdf},
 bibsource = {DBLP, http://dblp.uni-trier.de}
}
@inproceedings{Lloyd2011,
 author = {Lloyd, Wyatt and Freedman, Michael J. and Kaminsky, Michael and
Andersen, David G.},
 title = {Don't settle for eventual: scalable causal consistency for wide-area
storage with COPS},
 booktitle = {Proc. 23rd ACM Symposium on Operating Systems Principles},
 series = {SOSP '11},
 year = {2011},
 isbn = {978-1-4503-0977-6},
 location = {Cascais, Portugal},
 pages = {401--416},
 numpages = {16},
 url = {http://doi.acm.org/10.1145/2043556.2043593},
 doi = {10.1145/2043556.2043593},
 acmid = {2043593},
 keywords = {ALPS systems, causal + consistency, key-value storage, read
transactions, scalable wide-area replication},
}
@article{Mosberger1993,
author = {Mosberger, David},
doi = {10.1145/160551.160553},
file = {:home/mdediana/Documents/ref/Mosberger - 1993 - Memory consistency models.pdf:pdf},
issn = {01635980},
journal = {ACM SIGOPS Operating Systems Review},
number = {1},
pages = {18--26},
title = {{Memory consistency models}},
url = {http://portal.acm.org/citation.cfm?doid=160551.160553},
volume = {27},
year = {1993}
}
@misc{PingER2013,
 author = {PingER},
 title = {{Ping End-to-end Reporting}},
 howpublished = {\url{http://www-iepm.slac.stanford.edu/pinger}},
 note = "[\'Ultimo Acesso em 01/02/2013.]",
 year = {2013}
} 
@misc{Pujol2012,
 author = {Pujol, Josep M.},
 title = {{Having fun with Redis Replication between Amazon and Rackspace}},
 howpublished = {\url{http://3scale.github.com/2012/07/25/fun-with-redis-replication/}},
 note = "[\'Ultimo Acesso em 01/02/2013.]",
 year = {2012}
}
@misc{Riak2013,
 author = {Riak},
 title = {{Riak}},
 howpublished = {\url{http://wiki.basho.com/Riak.html}},
 note = "[\'Ultimo Acesso em 01/02/2013.]",
 year = {2013}
}
@inproceedings{Sovran2011,
 author = {Sovran, Yair and Power, Russell and Aguilera, Marcos K. and Li,
Jinyang},
 title = {Transactional storage for geo-replicated systems},
 booktitle = {Proc. 23rd ACM Symposium on Operating Systems Principles},
 series = {SOSP '11},
 year = {2011},
 isbn = {978-1-4503-0977-6},
 location = {Cascais, Portugal},
 pages = {385--400},
 numpages = {16},
 url = {http://doi.acm.org/10.1145/2043556.2043592},
 doi = {10.1145/2043556.2043592},
 acmid = {2043592},
 keywords = {asynchronous replication, distributed storage, geo-distributed
systems, key-value store, parallel snapshot isolation, transactions},
} 
@inproceedings{vanRenesse2004,
 author = {van Renesse, Robbert and Schneider, Fred B.},
 title = {Chain replication for supporting high throughput and availability},
 booktitle = {Proc. 6th Symposium on Operating Systems Design \& Implementation},
 series = {OSDI'04},
 year = {2004},
 location = {San Francisco, CA},
 pages = {7--7},
 numpages = {1},
 url = {http://dl.acm.org/citation.cfm?id=1251254.1251261},
 acmid = {1251261},
} 
@article{Vogels2009,
 author = {Vogels, Werner},
 title = {Eventually consistent},
 journal = {Communications of ACM},
 issue_date = {January 2009},
 volume = {52},
 number = {1},
 month = jan,
 year = {2009},
 issn = {0001-0782},
 pages = {40--44},
 numpages = {5},
 url = {http://doi.acm.org/10.1145/1435417.1435432},
 doi = {10.1145/1435417.1435432},
 acmid = {1435432},
 publisher = {ACM},
} 
@misc{DeDiana2013a,
 author = {De Diana, Mauricio},
 title = {{Github - mdediana/riak\_kv}},
 howpublished = {\url{https://github.com/mdediana/riak_kv}},
 note = "[\'Ultimo Acesso em 01/02/2013.]",
 year = {2013}
}
@misc{DeDiana2013b,
 author = {De Diana, Mauricio},
 title = {{Github - mdediana/riak\_core}},
 howpublished = {\url{https://github.com/mdediana/riak_core}},
 note = "[\'Ultimo Acesso em 01/02/2013.]",
 year = {2013}
}
@article{Herlihy1990,
 author = {Herlihy, Maurice P. and Wing, Jeannette M.},
 title = {Linearizability: A Correctness Condition for Concurrent Objects},
 journal = {ACM Trans. Program. Lang. Syst.},
 issue_date = {July 1990},
 volume = {12},
 number = {3},
 month = jul,
 year = {1990},
 issn = {0164-0925},
 pages = {463--492},
 numpages = {30},
 url = {http://doi.acm.org/10.1145/78969.78972},
 doi = {10.1145/78969.78972},
 acmid = {78972},
 publisher = {ACM},
 address = {New York, NY, USA},
} 
